@inproceedings{46169,
title	= {A Comparison of Sequence-to-Sequence Models for Speech Recognition},
author	= {Rohit Prabhavalkar and Kanishka Rao and Tara Sainath and Bo Li and Leif Johnson and Navdeep Jaitly},
year	= {2017},
URL	= {http://www.isca-speech.org/archive/Interspeech_2017/pdfs/0233.PDF}
}